<?xml version="1.0" encoding="UTF-8"?><record xmlns="http://www.loc.gov/MARC21/slim" xmlns:cinclude="http://apache.org/cocoon/include/1.0" xmlns:zs="http://www.loc.gov/zing/srw/">
  <leader>00358nz  a2200133n  4500</leader>
  <controlfield tag="001">n  96070290 </controlfield>
  <controlfield tag="003">DLC</controlfield>
  <controlfield tag="005">19960719104929.2</controlfield>
  <controlfield tag="008">960719n| acannaab|          |a aaa |||  </controlfield>
  <datafield tag="010" ind1=" " ind2=" ">
    <subfield code="a">n  96070290 </subfield>
  </datafield>
  <datafield tag="040" ind1=" " ind2=" ">
    <subfield code="a">DLC</subfield>
    <subfield code="c">DLC</subfield>
  </datafield>
  <datafield tag="100" ind1="1" ind2="0">
    <subfield code="a">Khuygaty, Sergeĭ.</subfield>
    <subfield code="t">Novellas.</subfield>
    <subfield code="k">Selections</subfield>
  </datafield>
  <datafield tag="400" ind1="1" ind2="0">
    <subfield code="a">Khuygaty, Sergeĭ.</subfield>
    <subfield code="t">Uat︠s︡autæ</subfield>
  </datafield>
  <datafield tag="670" ind1=" " ind2=" ">
    <subfield code="a">His Uat︠s︡autæ, 1993.</subfield>
  </datafield>
</record>